<?xml version="1.0" encoding="UTF-8" ?>
<collection xmlns:xsi="http://www.w3.org/2001/XMLSchema-instance" xsi:schemaLocation="http://www.loc.gov/MARC21/slim http://www.loc.gov/standards/marcxml/schema/MARC21slim.xsd" xmlns="http://www.loc.gov/MARC21/slim">
   <record>
      <leader>     cam a22     7a 4500</leader>
      <controlfield tag="001">6751573</controlfield>
      <controlfield tag="003">NIC</controlfield>
      <controlfield tag="005">20140703211452.0</controlfield>
      <controlfield tag="008">090430s1865    ua            000 0 ara d</controlfield>
      <datafield tag="029" ind1="0" ind2=" ">
         <subfield code="a">LEILA</subfield>
         <subfield code="b">33748</subfield>
      </datafield>
      <datafield tag="035" ind1=" " ind2=" ">
         <subfield code="a">6751573</subfield>
      </datafield>
      <datafield tag="035" ind1=" " ind2=" ">
         <subfield code="a">(OCoLC)435979748</subfield>
      </datafield>
      <datafield tag="040" ind1=" " ind2=" ">
         <subfield code="a">LEILA</subfield>
         <subfield code="c">LEILA</subfield>
         <subfield code="d">NIC</subfield>
      </datafield>
      <datafield tag="050" ind1=" " ind2="4">
         <subfield code="a">D157</subfield>
         <subfield code="b">.M67 1865a</subfield>
      </datafield>
      <datafield tag="100" ind1="1" ind2=" ">
         <subfield code="a">Montrond, Maxime de,</subfield>
         <subfield code="d">1805-1879.</subfield>
      </datafield>
      <datafield tag="245" ind1="1" ind2="0">
         <subfield code="a">Min Tārīkh al-Ḥurūb al-Muqaddasah Fī al-Mashriq al-Madʻūwah Ḥarb al-Ṣalīb /</subfield>
         <subfield code="c">al-Mūʾalaf bi-mūjab tārīkh al-azminah al-muʻāṣirah min al-ʻalāmah  Maksīmūs Mūnrūnd , qad istakhrajahu ʻan aṣlihi al-faransāwī ilá al-lughah al-ʻarabīyah Maksīmūs Maẓlūm.</subfield>
      </datafield>
      <datafield tag="260" ind1=" " ind2=" ">
         <subfield code="a">[Cairo?] :</subfield>
         <subfield code="b">Aḍwāʾ al-Salaf,</subfield>
         <subfield code="c">1865.</subfield>
      </datafield>
      <datafield tag="300" ind1=" " ind2=" ">
         <subfield code="a">2 v. in 1 ;</subfield>
         <subfield code="c">25 cm.</subfield>
      </datafield>
      <datafield tag="490" ind1="1" ind2=" ">
         <subfield code="a">Nafāʾis al-maṭbūʻāt al-nādirah</subfield>
      </datafield>
      <datafield tag="500" ind1=" " ind2=" ">
         <subfield code="a">Reprint.</subfield>
      </datafield>
      <datafield tag="653" ind1=" " ind2=" ">
         <subfield code="a">Crusades--History</subfield>
      </datafield>
      <datafield tag="700" ind1="1" ind2=" ">
         <subfield code="a">Maẓlūm, Maksīmūs.</subfield>
      </datafield>
      <datafield tag="830" ind1=" " ind2="0">
         <subfield code="a">Nafā&apos;is al-maṭbūʻāt al-nādirah.</subfield>
      </datafield>
      <datafield tag="903" ind1=" " ind2=" ">
         <subfield code="a">Google</subfield>
         <subfield code="d">20120501</subfield>
         <subfield code="p">31924110993353</subfield>
      </datafield>
      <datafield tag="948" ind1="0" ind2=" ">
         <subfield code="a">20091110</subfield>
         <subfield code="b">i</subfield>
         <subfield code="d">fl31</subfield>
         <subfield code="e">lts</subfield>
         <subfield code="h">appr</subfield>
      </datafield>
      <datafield tag="948" ind1="1" ind2=" ">
         <subfield code="a">20091210</subfield>
         <subfield code="b">o</subfield>
         <subfield code="d">ah16</subfield>
         <subfield code="e">lts</subfield>
      </datafield>
      <datafield tag="952" ind1=" " ind2=" ">
         <subfield code="b">olin</subfield>
         <subfield code="h">D157</subfield>
         <subfield code="i">.M67 1865</subfield>
      </datafield>
      <datafield tag="903" ind1=" " ind2=" ">
         <subfield code="a">NYUACO</subfield>
         <subfield code="d">20150423</subfield>
         <subfield code="p">31924110993353</subfield>
      </datafield>
      <datafield tag="950" ind1=" " ind2=" ">
         <subfield code="a">D157</subfield>
         <subfield code="b">.M67 1865</subfield>
         <subfield code="v"> </subfield>
      </datafield>
   </record>
</collection>
